@article{zadeh:65,
  title={Fuzzy sets},
  author={Zadeh, Lotfi A},
  journal={Information and control},
  volume={8},
  number={3},
  pages={338--353},
  year={1965},
  publisher={World Scientific}
}

@book{klir:95,
  title={Fuzzy sets and fuzzy logic},
  author={Klir, George and Yuan, Bo},
  volume={4},
  year={1995},
  publisher={Prentice Hall New Jersey}
}

@book{weber:03,
  title={Aplica{\c{c}}{\~a}o da l{\'o}gica fuzzy em software e hardware},
  author={Weber, Leo and Klein, Pedro Antonio Trierweiler},
  year={2003},
  publisher={Editora da ULBRA}
}

@article{tanscheit:04,
  title={Sistemas fuzzy},
  author={Tanscheit, Ricardo},
  journal={Intelig{\^e}ncia computacional: aplicadaa administra{\c{c}}ao, economia e engenharia em Matlab},
  pages={229--264},
  year={2004}
}

@inproceedings{sengupta:07,
  title={Scan primitives for GPU computing},
  author={Sengupta, Shubhabrata and Harris, Mark and Zhang, Yao and Owens, John D},
  booktitle={Graphics hardware},
  volume={2007},
  pages={97--106},
  year={2007}
}

@article{owens:08,
  title={GPU computing},
  author={Owens, John D and Houston, Mike and Luebke, David and Green, Simon and Stone, John E and Phillips, James C},
  journal={Proceedings of the IEEE},
  volume={96},
  number={5},
  pages={879--899},
  year={2008},
  publisher={IEEE}
}

@other{nvidia:15,
	title={Plataforma de Computação Paralela | CUDA | NVIDIA | NVIDIA},
	author={NVIDIA},
	note={Dispon{\'i}vel em: <http://www.nvidia.com.br/object/cuda\_home\_new\_br.html>},
	year={2015}
}
@other{arruda:16,
	title={Projetos com Lógica Fuzzy},
	author={Arruda},
	note={Dispon{\'i}vel em: <http://http://www.arruda.blog.br/programacao/java/i/},
	year={2011}
}
@inproceedings{defour:14,
  title={Fuzzygpu: a fuzzy arithmetic library for gpu},
  author={Defour, David and Marin, Mario},
  booktitle={Parallel, Distributed and Network-Based Processing (PDP), 2014 22nd Euromicro International Conference on},
  pages={624--631},
  year={2014},
  organization={IEEE}
}

@article{sugeno:93,
  title={A fuzzy-logic-based approach to qualitative modeling},
  author={Sugeno, Michio and Yasukawa, Takahiro},
  journal={IEEE Transactions on fuzzy systems},
  volume={1},
  number={1},
  pages={7--31},
  year={1993}
}

@inproceedings{cingolani:12,
  title={jFuzzyLogic: a robust and flexible Fuzzy-Logic inference system language implementation},
  author={Cingolani, Pablo and Alcala-Fdez, Jesus},
  booktitle={FUZZ-IEEE},
  pages={1--8},
  year={2012},
  organization={Citeseer}
}

@article{cingolani:13,
  title={jFuzzyLogic: a java library to design fuzzy logic controllers according to the standard for fuzzy control programming},
  author={Cingolani, Pablo and Alcal{\'a}-Fdez, Jes{\'u}s},
  journal={International Journal of Computational Intelligence Systems},
  volume={6},
  number={1},
  pages={61--75},
  year={2013},
  publisher={Taylor \& Francis}
}


@article{li:11,
  title={Energy and battery management of a plug-in series hybrid electric vehicle using fuzzy logic},
  author={Li, Siguang G and Sharkh, SM and Walsh, Frank C and Zhang, Cheng-Ning},
  journal={Vehicular Technology, IEEE Transactions on},
  volume={60},
  number={8},
  pages={3571--3585},
  year={2011},
  publisher={IEEE}
}

@incollection{kwow:02,
  title={Parallel fuzzy c-means clustering for large data sets},
  author={Kwok, Terence and Smith, Kate and Lozano, Sebasti{\'a}n and Taniar, David},
  booktitle={Euro-Par 2002 Parallel Processing},
  pages={365--374},
  year={2002},
  publisher={Springer}
}

@article{falcao2002conjuntos,
  title={Conjuntos, l{\'o}gica e sistemas fuzzy},
  author={Falc{\~a}o, Djalma M},
  journal={COPPE/UFRJ},
  year={2002}
}

@article{keckler:11,
  title={GPUs and the future of parallel computing},
  author={Keckler, Stephen W and Dally, William J and Khailany, Brucek and Garland, Michael and Glasco, David},
  journal={IEEE Micro},
  number={5},
  pages={7--17},
  year={2011},
  publisher={IEEE}
}

