@article{zadeh:65,
  title={Fuzzy sets},
  author={Zadeh, Lotfi A},
  journal={Information and control},
  volume={8},
  number={3},
  pages={338--353},
  year={1965},
  publisher={World Scientific}
}

@book{klir:95,
  title={Fuzzy sets and fuzzy logic},
  author={Klir, George and Yuan, Bo},
  volume={4},
  year={1995},
  publisher={Prentice Hall New Jersey}
}

@book{weber:03,
  title={Aplica{\c{c}}{\~a}o da l{\'o}gica fuzzy em software e hardware},
  author={Weber, Leo and Klein, Pedro Antonio Trierweiler},
  year={2003},
  publisher={Editora da ULBRA}
}

@article{tanscheit:04,
  title={Sistemas fuzzy},
  author={Tanscheit, Ricardo},
  journal={Intelig{\^e}ncia computacional: aplicadaa administra{\c{c}}ao, economia e engenharia em Matlab},
  pages={229--264},
  year={2004}
}

@inproceedings{sengupta:07,
  title={Scan primitives for GPU computing},
  author={Sengupta, Shubhabrata and Harris, Mark and Zhang, Yao and Owens, John D},
  booktitle={Graphics hardware},
  volume={2007},
  pages={97--106},
  year={2007}
}

@article{owens:08,
  title={GPU computing},
  author={Owens, John D and Houston, Mike and Luebke, David and Green, Simon and Stone, John E and Phillips, James C},
  journal={Proceedings of the IEEE},
  volume={96},
  number={5},
  pages={879--899},
  year={2008},
  publisher={IEEE}
}

@other{nvidia:15,
	title={Site do NVIDIA},
	author={NVIDIA},
	
	note={Dispon{\'i}vel em: <http://www.nvidia.com.br>},
	year={2015}
}

@inproceedings{defour:14,
  title={Fuzzygpu: a fuzzy arithmetic library for gpu},
  author={Defour, David and Marin, Mario},
  booktitle={Parallel, Distributed and Network-Based Processing (PDP), 2014 22nd Euromicro International Conference on},
  pages={624--631},
  year={2014},
  organization={IEEE}
}